Date,Stock Price,Revenue,Cost Of Goods Sold,Gross Profit,Research And Development Expenses,SG&A Expenses,Operating Expenses,Operating Income,Total Non-Operating Income/Expense,Pre-Tax Income,Income Taxes,Income After Taxes,Income From Continuous Operations,Income From Discontinued Operations,Net Income,EBITDA,EBIT,Basic Shares Outstanding,Shares Outstanding,Basic EPS,EPS - Earnings Per Share,Cash On Hand,Receivables,Inventory,Pre-Paid Expenses,Total Current Assets,"Property, Plant, And Equipment",Long-Term Investments,Goodwill And Intangible Assets,Total Long-Term Assets,Total Assets,Total Current Liabilities,Long Term Debt,Other Non-Current Liabilities,Total Long Term Liabilities,Total Liabilities,Common Stock Net,Retained Earnings (Accumulated Deficit),Comprehensive Income,Share Holder Equity,Total Liabilities And Share Holders Equity,TTM Net EPS,PE Ratio,TTM Sales per Share,Price to Sales Ratio,Book Value per Share,Price to Book Ratio,TTM FCF per Share,Price to FCF Ratio
2024-09-30,232.74,14968.00,6547.00,8421.00,1876.00,4911.00,6787.00,1634.00,-2435.00,-802.00,-485.00,-317.00,-317.00,-13.00,-330.00,2902.00,1634.00,923.60,923.60,-0.36,-0.36,13719.00,6318.00,1367.00,2408.00,30543.00,5614.00,2009.00,72182.00,103797.00,134339.00,28853.00,52980.00,11186.00,80955.00,109809.00,61013.00,149789.00,-16418.00,24530.00,134339.00,6.08,38.28,25.29,9.20,3.77,61.78,7.06,32.96
2024-06-30,210.15,15770.00,6819.00,8951.00,1840.00,4938.00,6778.00,2173.00,47.00,2219.00,389.00,1830.00,1830.00,4.00,1834.00,3328.00,2173.00,920.30,934.40,1.99,1.96,15959.00,6526.00,1234.00,2784.00,33299.00,5600.00,1840.00,69667.00,100548.00,133848.00,29648.00,52929.00,10932.00,80096.00,109745.00,60501.00,151659.00,-18319.00,24103.00,133848.00,6.57,31.99,24.79,8.48,4.38,47.95,6.98,30.11
2024-03-31,170.86,14462.00,6719.00,7743.00,1796.00,4974.00,6770.00,973.00,101.00,1074.00,-502.00,1576.00,1575.00,30.00,1605.00,2104.00,973.00,917.20,933.40,1.75,1.72,19277.00,6801.00,1212.00,2804.00,36663.00,5594.00,1678.00,70284.00,100507.00,137169.00,32397.00,54033.00,10914.00,81439.00,113836.00,60145.00,151362.00,-18488.00,23333.00,137169.00,6.43,26.57,24.39,7.01,4.84,35.32,6.54,26.14
2023-12-31,191.59,17381.00,7114.00,10267.00,1748.00,4792.00,6540.00,3727.00,30.00,3759.00,474.00,3285.00,3285.00,3.00,3288.00,4879.00,3727.00,911.21,922.07,3.63,3.54,13462.00,7854.00,1161.00,2639.00,32908.00,5501.00,1626.00,71214.00,102331.00,135241.00,34122.00,50121.00,11475.00,78505.00,112628.00,59643.00,151276.00,-18761.00,22613.00,135241.00,6.42,29.84,24.51,7.82,4.79,39.97,6.81,28.13
2023-09-30,170.16,14752.00,6730.00,8022.00,1685.00,4458.00,6143.00,1879.00,-7.00,1873.00,159.00,1714.00,1714.00,-10.00,1704.00,2972.00,1879.00,912.80,923.70,1.84,1.87,10997.00,6172.00,1399.00,2582.00,27705.00,5369.00,1582.00,70874.00,101617.00,129321.00,30606.00,48828.00,12081.00,75560.00,106165.00,59313.00,149506.00,-16098.00,23156.00,129321.00,6.12,27.80,24.17,7.04,4.00,42.58,6.30,27.02
2023-06-30,192.52,15475.00,6974.00,8501.00,1687.00,4900.00,6587.00,1914.00,86.00,2000.00,419.00,1581.00,1581.00,2.00,1583.00,2991.00,1914.00,909.90,919.50,1.74,1.72,16329.00,6511.00,1501.00,2730.00,34458.00,5443.00,1585.00,66881.00,97755.00,132213.00,32513.00,50691.00,12103.00,77429.00,109942.00,58963.00,149318.00,-16499.00,22271.00,132213.00,5.95,32.36,24.03,8.01,3.85,49.98,6.59,29.23
2023-03-31,163.44,14252.00,6742.00,7510.00,1655.00,4853.00,6508.00,1002.00,58.00,1058.00,124.00,934.00,934.00,-7.00,927.00,2076.00,1002.00,907.50,917.80,1.02,1.01,17592.00,6569.00,1603.00,2501.00,35982.00,5344.00,1607.00,67098.00,97655.00,133637.00,30993.00,53826.00,12099.00,80971.00,111964.00,58675.00,149253.00,-16780.00,21672.00,133637.00,5.89,27.75,23.95,6.82,3.95,41.34,6.10,26.81
2022-12-31,128.58,16691.00,7058.00,9633.00,1604.00,4766.00,6370.00,3263.00,49.00,3312.00,443.00,2869.00,2870.00,-159.00,2710.00,4400.00,3263.00,902.66,912.27,3.00,3.00,8841.00,7358.00,1552.00,2611.00,29118.00,5334.00,1617.00,67133.00,98126.00,127243.00,31505.00,46189.00,12243.00,73717.00,105222.00,58343.00,149825.00,-16740.00,22021.00,127243.00,5.89,21.83,23.90,5.38,3.58,35.91,6.05,21.26
2022-09-30,136.54,14107.00,6677.00,7430.00,1611.00,4391.00,6002.00,1428.00,-5929.00,-4501.00,-1287.00,-3214.00,-3214.00,18.00,-3196.00,2591.00,1428.00,904.10,904.10,-3.54,-3.54,9728.00,6428.00,1794.00,3452.00,28999.00,5150.00,1614.00,65185.00,96851.00,125850.00,30466.00,44942.00,13413.00,75236.00,105703.00,58117.00,148611.00,-17138.00,20147.00,125850.00,6.11,22.35,24.06,5.68,3.18,42.96,6.83,20.00
2022-06-30,134.89,15535.00,7245.00,8290.00,1673.00,4855.00,6528.00,1762.00,-40.00,1722.00,257.00,1465.00,1465.00,-73.00,1392.00,3008.00,1762.00,901.50,910.70,1.54,1.53,7778.00,6776.00,1684.00,3414.00,27896.00,5275.00,1689.00,66610.00,99606.00,127503.00,31844.00,44328.00,13486.00,76183.00,108026.00,57802.00,153298.00,-22169.00,19476.00,127503.00,6.06,22.26,23.48,5.75,3.61,37.36,6.56,20.58
2022-03-31,172.02,14197.00,6862.00,7335.00,1679.00,4597.00,6276.00,1059.00,-436.00,623.00,-39.00,662.00,662.00,71.00,733.00,2315.00,1059.00,899.30,909.20,0.82,0.81,10770.00,6966.00,1776.00,3548.00,31330.00,5559.00,1771.00,68418.00,101944.00,133275.00,34056.00,46545.00,13844.00,80107.00,114162.00,57603.00,153401.00,-22532.00,19112.00,133275.00,6.16,27.93,23.23,7.41,4.16,41.37,6.40,26.87
2021-12-31,174.71,16694.00,7195.00,9499.00,1625.00,4902.00,6527.00,2972.00,-105.00,2868.00,407.00,2461.00,2462.00,-130.00,2333.00,4353.00,2972.00,895.99,904.64,2.61,2.56,7557.00,7756.00,1649.00,3466.00,29539.00,5694.00,1823.00,68154.00,102462.00,132001.00,33619.00,44917.00,13996.00,79387.00,113005.00,57319.00,154209.00,-23234.00,18996.00,132001.00,6.04,28.93,22.59,7.73,4.40,39.69,6.12,28.53
2021-09-30,139.02,13251.00,6145.00,7106.00,1606.00,4306.00,5912.00,1194.00,-381.00,813.00,-224.00,1037.00,1037.00,93.00,1130.00,2878.00,1194.00,906.00,897.10,1.25,1.26,8407.00,7508.00,1891.00,2954.00,29967.00,9138.00,1996.00,74403.00,114248.00,144214.00,35832.00,46926.00,15179.00,86026.00,121858.00,57189.00,161747.00,-27302.00,22357.00,144214.00,5.62,24.74,21.60,6.44,3.84,36.20,5.51,25.22
2021-06-30,134.36,14218.00,6365.00,7853.00,1641.00,4849.00,6490.00,1363.00,-450.00,912.00,101.00,811.00,810.00,515.00,1325.00,3043.00,1363.00,895.00,904.20,1.48,1.47,8165.00,7629.00,1807.00,2768.00,30774.00,9423.00,2010.00,75184.00,116040.00,146814.00,36616.00,48735.00,14741.00,88132.00,124747.00,56912.00,162086.00,-27652.00,22067.00,146814.00,5.11,26.29,20.35,6.60,3.88,34.61,5.58,24.08
2021-03-31,119.63,13187.00,6160.00,7027.00,1616.00,4688.00,6304.00,723.00,-480.00,244.00,-160.00,404.00,403.00,552.00,955.00,2395.00,723.00,893.60,901.70,1.07,1.06,11273.00,7245.00,1828.00,2647.00,34038.00,9452.00,2125.00,73519.00,114590.00,148629.00,36542.00,51206.00,14489.00,90573.00,127116.00,56788.00,162218.00,-28257.00,21513.00,148629.00,4.46,26.85,18.92,6.32,4.15,28.86,5.29,22.62
2020-12-31,129.76,1925.00,-3888.00,5813.00,1540.00,4711.00,6251.00,-438.00,-337.00,-777.00,-471.00,-306.00,-304.00,1661.00,1356.00,1261.00,-438.00,890.35,896.56,1.53,1.51,14251.00,6485.00,1812.00,2089.00,39165.00,6205.00,2187.00,67504.00,116806.00,155971.00,39869.00,54217.00,14180.00,95376.00,135244.00,56556.00,162717.00,-29337.00,20727.00,155971.00,3.69,35.14,16.94,7.66,3.94,32.96,4.65,27.89
2020-09-30,113.05,17560.00,9130.00,8430.00,1515.00,4647.00,6162.00,2268.00,-442.00,1827.00,128.00,1699.00,1698.00,-1.00,1698.00,3951.00,2268.00,891.40,897.30,1.90,1.89,15753.00,7022.00,1949.00,2188.00,39845.00,9958.00,1944.00,72317.00,114283.00,154128.00,37993.00,55129.00,15484.00,94800.00,132794.00,56366.00,162806.00,-28584.00,21334.00,154128.00,3.26,34.68,15.58,7.26,3.85,29.37,4.19,27.01
2020-06-30,88.87,18123.00,9424.00,8699.00,1582.00,5248.00,6830.00,1869.00,-299.00,1571.00,209.00,1362.00,1362.00,-1.00,1361.00,3548.00,1869.00,889.40,894.90,1.53,1.52,14251.00,7480.00,1869.00,2260.00,39953.00,9709.00,1921.00,72103.00,114246.00,154200.00,38442.00,55449.00,15666.00,95069.00,133512.00,56135.00,162559.00,-28757.00,20688.00,154200.00,3.29,27.03,15.33,5.80,4.22,21.07,4.03,22.04
2020-03-31,61.78,17571.00,9648.00,7923.00,1625.00,5955.00,7580.00,343.00,-392.00,-49.00,-1226.00,1177.00,1176.00,-1.00,1175.00,1977.00,343.00,888.00,895.00,1.32,1.31,12017.00,8543.00,1786.00,2509.00,38931.00,9626.00,1911.00,72183.00,114473.00,153403.00,40673.00,52685.00,15874.00,92601.00,133275.00,56092.00,162626.00,-29283.00,20128.00,153403.00,3.19,19.38,14.83,4.17,4.53,13.63,3.72,16.60
2019-12-31,71.17,2343.00,-3801.00,6144.00,1517.00,3553.00,5070.00,1074.00,-43.00,1033.00,-347.00,1380.00,1381.00,2289.00,3670.00,2724.00,1074.00,887.24,892.81,4.13,4.10,9009.00,9603.00,1619.00,2101.00,38420.00,10010.00,2074.00,73457.00,113768.00,152186.00,37701.00,54102.00,14526.00,93500.00,131202.00,55895.00,162954.00,-28597.00,20985.00,152186.00,3.17,22.49,14.61,4.87,5.10,13.94,3.54,20.11
2019-09-30,54.12,18028.00,9692.00,8336.00,1553.00,5024.00,6577.00,1759.00,-235.00,1522.00,-151.00,1673.00,1673.00,-1.00,1672.00,3428.00,1759.00,886.00,892.80,1.89,1.87,10958.00,8629.00,1712.00,2515.00,38121.00,10063.00,2221.00,73564.00,111498.00,149620.00,35066.00,57797.00,15564.00,96458.00,131524.00,55808.00,160709.00,-29086.00,18096.00,149620.00,2.96,18.27,13.87,3.90,5.09,10.63,3.17,17.09
2019-06-30,47.65,19161.00,10150.00,9011.00,1407.00,5456.00,6863.00,2148.00,621.00,2768.00,269.00,2499.00,2499.00,-1.00,2498.00,3442.00,2148.00,886.30,890.80,2.82,2.81,46408.00,9195.00,1745.00,2409.00,77517.00,10202.00,2228.00,38012.00,77136.00,154652.00,42351.00,58445.00,12190.00,94526.00,136876.00,55404.00,160467.00,-28841.00,17776.00,154652.00,2.93,16.25,13.57,3.51,5.32,8.95,3.06,15.58
2019-03-31,45.55,18182.00,10139.00,8043.00,1433.00,4691.00,6124.00,1919.00,-36.00,1883.00,289.00,1594.00,1593.00,-2.00,1591.00,3365.00,1919.00,889.60,893.90,1.79,1.78,18143.00,7658.00,1771.00,2478.00,52705.00,10675.00,2403.00,39237.00,78223.00,130926.00,38871.00,39727.00,12184.00,75449.00,114319.00,55287.00,159396.00,-29182.00,16607.00,130926.00,2.97,15.32,13.35,3.41,5.74,7.93,3.12,14.61
2018-12-31,37.66,21760.00,11072.00,10688.00,1358.00,4701.00,6059.00,4629.00,-194.00,4434.00,2482.00,1952.00,1954.00,-2.00,1951.00,5741.00,4629.00,912.05,916.32,2.17,2.16,12222.00,8175.00,1682.00,2378.00,49146.00,10792.00,2386.00,39352.00,74236.00,123382.00,38227.00,35605.00,12174.00,68226.00,106452.00,55151.00,159206.00,-29490.00,16929.00,123382.00,3.04,12.39,13.28,2.84,6.23,6.04,3.19,11.80
2018-09-30,53.71,18756.00,9952.00,8804.00,1252.00,4363.00,5615.00,3189.00,-191.00,2996.00,304.00,2692.00,2692.00,2.00,2694.00,4327.00,3189.00,911.20,915.20,2.95,2.94,14663.00,7838.00,1893.00,2388.00,48257.00,10949.00,2272.00,39660.00,73732.00,121990.00,36822.00,35989.00,9979.00,65249.00,102071.00,54987.00,158612.00,-27820.00,19918.00,121990.00,2.97,18.10,13.14,4.09,5.63,9.53,3.21,16.75
2018-06-30,43.89,20003.00,10804.00,9199.00,1364.00,4857.00,6221.00,2978.00,-203.00,2776.00,373.00,2403.00,2402.00,1.00,2404.00,4094.00,2978.00,915.10,919.40,2.63,2.61,11926.00,8534.00,1742.00,2443.00,46795.00,11024.00,2518.00,39826.00,74828.00,121622.00,35442.00,37851.00,10000.00,67532.00,102974.00,54827.00,157349.00,-28290.00,18648.00,121622.00,2.76,15.92,12.50,3.51,5.93,7.40,2.98,14.75
2018-03-31,39.63,19072.00,10826.00,8246.00,1405.00,5445.00,6850.00,1396.00,-261.00,1136.00,-540.00,1676.00,1675.00,4.00,1679.00,2510.00,1396.00,920.70,925.40,1.82,1.81,13155.00,8984.00,1753.00,2573.00,49122.00,11278.00,2942.00,40253.00,76162.00,125285.00,35733.00,40410.00,10250.00,71262.00,106995.00,54712.00,156371.00,-28583.00,18290.00,125285.00,2.59,15.30,11.97,3.31,6.42,6.18,2.67,14.85
2017-12-31,39.81,22542.00,11494.00,11048.00,1379.00,5014.00,6393.00,4655.00,-191.00,4468.00,5521.00,-1053.00,-1053.00,-1.00,-1054.00,5804.00,4655.00,932.83,937.39,-1.11,-1.11,12842.00,9909.00,1583.00,1860.00,49735.00,11116.00,2783.00,40530.00,75620.00,125356.00,37363.00,39837.00,9965.00,70268.00,107631.00,54566.00,153126.00,-26592.00,17725.00,125356.00,2.43,16.37,11.46,3.47,6.90,5.77,2.58,15.44
2017-09-30,36.13,19153.00,10171.00,8982.00,1291.00,4606.00,5897.00,3085.00,-19.00,3065.00,339.00,2726.00,2726.00,0.00,2726.00,4261.00,3085.00,929.44,933.23,2.93,2.92,11515.00,9076.00,1711.00,4389.00,44742.00,11057.00,4806.00,40763.00,76895.00,121636.00,31697.00,41327.00,7723.00,70183.00,101879.00,54395.00,155565.00,-27521.00,19757.00,121636.00,2.30,15.71,10.86,3.33,6.54,5.53,2.46,14.66
2017-06-30,33.62,19289.00,10321.00,8968.00,1436.00,5033.00,6469.00,2499.00,-55.00,2443.00,111.00,2332.00,2332.00,-1.00,2331.00,3616.00,2499.00,934.90,939.60,2.49,2.48,12295.00,9395.00,1604.00,4155.00,45013.00,10903.00,4759.00,40696.00,75481.00,120495.00,35966.00,37612.00,7437.00,65986.00,101951.00,54235.00,154234.00,-28189.00,18544.00,120495.00,2.20,15.28,10.49,3.21,6.40,5.25,2.47,13.63
2017-03-31,33.40,18155.00,10210.00,7945.00,1484.00,5027.00,6511.00,1434.00,-9.00,1424.00,-329.00,1753.00,1753.00,-3.00,1750.00,2533.00,1434.00,942.40,947.80,1.86,1.85,10695.00,9507.00,1609.00,4715.00,42889.00,10865.00,4549.00,40743.00,74607.00,117495.00,36481.00,34441.00,7601.00,62566.00,99047.00,54104.00,153292.00,-28710.00,18448.00,117495.00,2.14,15.63,10.25,3.26,6.44,5.19,2.53,13.21
2016-12-31,26.81,21771.00,10655.00,11116.00,1406.00,4776.00,6182.00,4934.00,52.00,4984.00,479.00,4505.00,4506.00,-5.00,4501.00,6061.00,4934.00,955.42,958.71,4.73,4.70,8527.00,10239.00,1553.00,4564.00,43888.00,10830.00,4585.00,40887.00,73581.00,117470.00,36275.00,34655.00,7477.00,62802.00,99078.00,53935.00,152759.00,-29398.00,18392.00,117470.00,2.09,12.84,10.02,2.68,6.30,4.26,2.49,10.78
2016-09-30,26.04,19226.00,10213.00,9013.00,1397.00,4732.00,6129.00,2884.00,378.00,3263.00,409.00,2854.00,2854.00,-1.00,2853.00,4011.00,2884.00,954.00,957.30,2.99,2.98,9968.00,9164.00,1729.00,4539.00,41433.00,11104.00,5075.00,41282.00,74173.00,115606.00,34447.00,35563.00,8138.00,64000.00,98447.00,53759.00,149585.00,-28164.00,17159.00,115606.00,2.07,12.59,9.74,2.67,6.01,4.33,2.43,10.71
2016-06-30,21.90,20238.00,10536.00,9702.00,1465.00,5349.00,6814.00,2888.00,161.00,3049.00,544.00,2505.00,2505.00,0.00,2504.00,3991.00,2888.00,957.40,960.50,2.62,2.61,10617.00,9912.00,1685.00,4676.00,43524.00,11092.00,5259.00,41570.00,74532.00,118056.00,33585.00,39638.00,8385.00,68583.00,102167.00,53565.00,148071.00,-28604.00,15889.00,118056.00,2.14,10.23,9.83,2.23,5.87,3.73,2.29,9.58
2016-03-31,24.82,18684.00,9998.00,8686.00,1458.00,6012.00,7470.00,1216.00,-183.00,1034.00,-983.00,2017.00,2016.00,-3.00,2014.00,2240.00,1216.00,961.70,964.40,2.09,2.09,14869.00,10084.00,1690.00,4334.00,47623.00,10910.00,5223.00,38695.00,71235.00,118856.00,34664.00,40254.00,8264.00,69119.00,103784.00,53439.00,146888.00,-28998.00,15072.00,118856.00,2.25,11.04,10.04,2.47,5.95,4.17,2.49,9.95
2015-12-31,23.84,22058.00,10652.00,11406.00,1362.00,5158.00,6520.00,4886.00,212.00,5099.00,639.00,4460.00,4461.00,3.00,4463.00,5876.00,4886.00,978.75,982.70,4.58,4.56,8194.00,9534.00,1551.00,4205.00,42504.00,10727.00,5187.00,35508.00,67991.00,110495.00,34269.00,33428.00,8099.00,61802.00,96071.00,53262.00,146124.00,-29607.00,14424.00,110495.00,2.36,10.12,10.25,2.33,5.78,4.12,2.79,8.54
2015-09-30,24.79,19280.00,9844.00,9436.00,1287.00,4731.00,6018.00,3418.00,204.00,3621.00,659.00,2962.00,2962.00,-12.00,2950.00,4354.00,3418.00,975.10,979.00,3.03,3.01,9568.00,8918.00,1613.00,4158.00,42112.00,10661.00,5586.00,33050.00,66537.00,108649.00,33732.00,32122.00,8739.00,61466.00,95198.00,53220.00,142898.00,-28155.00,13450.00,108649.00,2.30,10.78,10.03,2.47,5.35,4.64,3.02,8.21
2015-06-30,28.16,20813.00,10423.00,10390.00,1300.00,5179.00,6479.00,3911.00,314.00,4224.00,698.00,3526.00,3526.00,-77.00,3449.00,4872.00,3911.00,982.30,986.70,3.51,3.50,8760.00,11022.00,1912.00,4470.00,45186.00,10702.00,5377.00,33473.00,67542.00,112729.00,35535.00,33339.00,8827.00,63356.00,98892.00,53059.00,141218.00,-27432.00,13837.00,112729.00,2.17,13.00,9.52,2.96,5.51,5.11,2.97,9.48
2015-03-31,27.82,19590.00,10138.00,9452.00,1298.00,5362.00,6660.00,2792.00,208.00,3001.00,585.00,2416.00,2415.00,-88.00,2328.00,3760.00,2792.00,988.10,992.30,2.36,2.35,8804.00,11546.00,1970.00,5890.00,46316.00,10509.00,5466.00,32862.00,65721.00,112037.00,35640.00,34295.00,8791.00,64108.00,99747.00,52928.00,139030.00,-27842.00,12289.00,112037.00,2.02,13.75,8.92,3.12,5.60,4.97,2.74,10.16
2014-12-31,24.58,24113.00,11251.00,12862.00,1320.00,6034.00,7354.00,5508.00,1588.00,7094.00,1579.00,5515.00,5515.00,-31.00,5483.00,6554.00,5508.00,1004.27,1010.00,5.51,5.47,8476.00,11996.00,2103.00,4967.00,47377.00,10771.00,5520.00,33660.00,69895.00,117271.00,39581.00,34991.00,8733.00,65676.00,105257.00,52666.00,137793.00,-27875.00,12014.00,117271.00,1.86,13.25,8.29,2.96,5.29,4.64,2.52,9.74
2014-09-30,22.34,22397.00,11523.00,10874.00,1354.00,5281.00,6635.00,4239.00,122.00,4361.00,906.00,3455.00,3455.00,-3437.00,18.00,5378.00,4239.00,991.80,997.70,0.02,0.02,9565.00,10591.00,2356.00,5022.00,47163.00,11068.00,5126.00,34418.00,71745.00,118911.00,42306.00,32821.00,10613.00,62210.00,104515.00,52446.00,133403.00,-20978.00,14395.00,118911.00,1.61,13.89,7.40,3.02,4.75,4.70,2.05,10.91
2014-06-30,20.50,24047.00,12004.00,12043.00,1361.00,5593.00,6954.00,5089.00,257.00,5348.00,1096.00,4252.00,4251.00,-115.00,4137.00,6255.00,5089.00,999.60,1005.10,4.14,4.12,9720.00,11457.00,2338.00,4263.00,48182.00,13748.00,5369.00,35153.00,76132.00,124314.00,42433.00,34008.00,10224.00,64368.00,106801.00,52163.00,134483.00,-20369.00,17513.00,124314.00,1.55,13.25,7.12,2.88,5.05,4.06,1.98,10.38
2014-03-31,16.82,22236.00,11608.00,10628.00,1402.00,6272.00,7674.00,2954.00,229.00,3183.00,653.00,2530.00,2530.00,-146.00,2384.00,4095.00,2954.00,1035.20,1041.80,2.30,2.29,9704.00,11332.00,2456.00,4430.00,47959.00,13683.00,5030.00,34912.00,74687.00,122646.00,41058.00,34668.00,10106.00,64847.00,105906.00,51943.00,131431.00,-21156.00,16740.00,122646.00,1.49,11.26,6.94,2.43,4.98,3.38,1.88,8.93
2013-12-31,17.48,26697.00,12253.00,14444.00,1195.00,5934.00,7129.00,7315.00,207.00,7522.00,1039.00,6483.00,6484.00,-300.00,6184.00,8529.00,7315.00,1094.49,1103.04,5.71,5.65,11066.00,12049.00,2310.00,4488.00,51350.00,13821.00,4639.00,35055.00,74872.00,126223.00,40154.00,32856.00,9934.00,63140.00,103294.00,51594.00,130042.00,-21602.00,22929.00,126223.00,1.44,12.14,6.73,2.60,5.19,3.37,1.77,9.89
2013-09-30,14.77,23338.00,11908.00,11430.00,1356.00,5260.00,6616.00,4814.00,157.00,4972.00,832.00,4140.00,4139.00,-98.00,4041.00,5989.00,4814.00,1090.90,1098.80,3.70,3.68,10232.00,11548.00,2492.00,4723.00,47533.00,13877.00,4718.00,34885.00,70313.00,117845.00,39222.00,28478.00,8057.00,58616.00,97837.00,51203.00,124885.00,-24971.00,20008.00,117845.00,1.42,10.43,6.50,2.27,4.91,3.01,1.74,8.47
2013-06-30,12.20,24924.00,12792.00,12132.00,1548.00,6680.00,8228.00,3904.00,240.00,4144.00,918.00,3226.00,3226.00,,3226.00,5040.00,3904.00,1100.90,1109.40,2.93,2.91,10357.00,12175.00,2389.00,4746.00,47911.00,13356.00,4721.00,32264.00,67241.00,115153.00,41037.00,26292.00,7812.00,56232.00,97269.00,50886.00,121883.00,-25774.00,17883.00,115153.00,1.43,8.53,6.43,1.90,4.85,2.52,1.67,7.32
2013-03-31,13.53,23408.00,12730.00,10678.00,1644.00,5577.00,7221.00,3457.00,149.00,3606.00,574.00,3032.00,3032.00,,3032.00,4610.00,3457.00,1113.70,1124.00,2.72,2.70,11992.00,12055.00,2421.00,4747.00,48949.00,13597.00,5011.00,32626.00,68310.00,117258.00,42122.00,24672.00,7771.00,55921.00,98044.00,50522.00,119713.00,-25466.00,19214.00,117258.00,1.50,9.04,6.38,2.12,5.15,2.63,1.71,7.89
2012-12-31,16.18,27671.00,12442.00,15229.00,1094.00,5832.00,6926.00,8303.00,166.00,8469.00,2241.00,6228.00,6228.00,,5833.00,9455.00,8303.00,1142.51,1155.45,5.14,5.09,11129.00,12540.00,2287.00,4024.00,49433.00,13996.00,5021.00,33034.00,69781.00,119213.00,43625.00,24088.00,7607.00,56604.00,100229.00,50110.00,117641.00,-25759.00,18984.00,119213.00,1.58,10.27,6.22,2.60,4.84,3.34,1.79,9.05
2012-09-30,20.18,24747.00,13015.00,11732.00,1534.00,5908.00,7442.00,4290.00,785.00,5074.00,1251.00,3823.00,3823.00,,3824.00,5481.00,4290.00,1137.20,1149.30,3.36,3.33,12254.00,11838.00,2586.00,5016.00,48141.00,14027.00,5006.00,31835.00,67638.00,115778.00,39499.00,24333.00,9335.00,54613.00,94112.00,49603.00,112773.00,-20720.00,21666.00,115778.00,1.58,12.80,5.92,3.41,4.50,4.49,1.61,12.55
2012-06-30,17.59,25783.00,13502.00,12281.00,1587.00,5837.00,7424.00,4857.00,304.00,5161.00,1280.00,3881.00,3881.00,,3881.00,6033.00,4857.00,1149.00,1161.90,3.38,3.34,11187.00,11875.00,2758.00,5113.00,47392.00,13865.00,4730.00,31392.00,66439.00,113832.00,38903.00,24766.00,9166.00,54365.00,93269.00,49157.00,109928.00,-21498.00,20563.00,113832.00,1.52,11.58,5.64,3.12,4.26,4.13,1.73,10.19
2012-03-31,18.06,24673.00,13554.00,11119.00,1601.00,5886.00,7487.00,3632.00,203.00,3836.00,769.00,3067.00,3067.00,,3066.00,4789.00,3632.00,1159.10,1174.20,2.65,2.61,12335.00,11681.00,2754.00,5299.00,48847.00,13946.00,4822.00,31109.00,66500.00,115347.00,38209.00,25760.00,9112.00,56355.00,94563.00,48800.00,107036.00,-21115.00,20783.00,115347.00,1.46,12.33,5.40,3.34,3.92,4.61,1.82,9.95
2011-12-31,12.20,29486.00,14763.00,14723.00,1556.00,6076.00,7632.00,7091.00,182.00,7274.00,1785.00,5489.00,5489.00,,5489.00,8279.00,7091.00,1196.95,1213.77,4.64,4.56,11922.00,12660.00,2595.00,5249.00,50928.00,13883.00,4895.00,29605.00,65505.00,116433.00,42123.00,22857.00,8996.00,54074.00,96197.00,48129.00,104857.00,-21885.00,20236.00,116433.00,1.25,9.73,4.86,2.51,3.45,3.54,1.56,7.84
2011-09-30,11.49,26157.00,13984.00,12173.00,1546.00,5662.00,7208.00,4965.00,63.00,5027.00,1188.00,3839.00,3839.00,,3839.00,6157.00,4965.00,1188.60,1204.90,3.23,3.19,11303.00,10842.00,2663.00,5172.00,45373.00,13887.00,5422.00,27946.00,64786.00,110158.00,36028.00,24089.00,8654.00,51752.00,87781.00,47558.00,100266.00,-18099.00,22378.00,110158.00,0.99,11.62,4.13,2.78,2.94,3.90,1.27,9.06
2011-06-30,10.11,26666.00,14282.00,12384.00,1569.00,6030.00,7599.00,4785.00,101.00,4885.00,1221.00,3664.00,3664.00,,3664.00,5992.00,4785.00,1204.80,1221.40,3.04,3.00,11764.00,11666.00,2573.00,4662.00,46937.00,14239.00,5329.00,28814.00,66536.00,113474.00,39843.00,21915.00,8851.00,50421.00,90263.00,46975.00,97334.00,-17109.00,23210.00,113474.00,0.90,11.21,3.84,2.63,2.67,3.78,1.12,9.00
2011-03-31,10.50,24607.00,13749.00,10858.00,1587.00,5826.00,7413.00,3445.00,371.00,3817.00,954.00,2863.00,2863.00,,2863.00,4673.00,3445.00,1222.20,1240.00,2.34,2.31,13245.00,11293.00,2549.00,4376.00,47524.00,14208.00,5380.00,28732.00,65438.00,112960.00,40387.00,21749.00,8330.00,49798.00,90185.00,46278.00,94590.00,-18119.00,22776.00,112960.00,0.75,14.01,3.36,3.13,2.37,4.42,0.89,11.77
2010-12-31,9.72,29018.00,14792.00,14226.00,1578.00,5950.00,7528.00,6698.00,258.00,6956.00,1698.00,5258.00,5258.00,,5257.00,7933.00,6698.00,1268.79,1287.36,4.18,4.12,11651.00,11968.00,2450.00,4226.00,48116.00,14096.00,5778.00,28624.00,65334.00,113452.00,40562.00,21846.00,8226.00,49716.00,90279.00,45418.00,92532.00,-18743.00,23172.00,113452.00,0.64,15.19,2.94,3.31,2.12,4.58,0.76,12.81
2010-09-30,8.55,24271.00,13270.00,11001.00,1464.00,5149.00,6613.00,4388.00,289.00,4677.00,1088.00,3589.00,3589.00,,3589.00,5591.00,4388.00,1255.20,1272.80,2.86,2.82,11086.00,10904.00,2629.00,4661.00,44469.00,14009.00,6166.00,25750.00,62705.00,107174.00,35443.00,21899.00,8842.00,49373.00,84815.00,44328.00,88095.00,-17479.00,22359.00,107174.00,0.54,15.80,2.52,3.39,1.86,4.59,0.64,13.34
2010-06-30,7.58,23724.00,12914.00,10810.00,1475.00,5061.00,6536.00,4274.00,302.00,4575.00,1190.00,3385.00,3385.00,,3386.00,5457.00,4274.00,1278.60,1296.70,2.65,2.61,12241.00,10191.00,2595.00,5124.00,44895.00,13534.00,6038.00,23070.00,58524.00,103420.00,34993.00,21017.00,8295.00,47251.00,82244.00,43522.00,85323.00,-18510.00,21176.00,103420.00,0.44,17.21,2.22,3.42,1.69,4.50,0.55,13.67
2010-03-31,7.08,22857.00,12881.00,9976.00,1509.00,5677.00,7186.00,2790.00,724.00,3515.00,914.00,2601.00,2601.00,,2601.00,4000.00,2790.00,1301.20,1321.60,2.00,1.97,13977.00,10428.00,2524.00,4121.00,45697.00,13841.00,5794.00,23507.00,59510.00,105208.00,34575.00,21305.00,8506.00,48483.00,83059.00,42665.00,82783.00,-18178.00,22149.00,105208.00,0.36,19.49,1.99,3.55,1.54,4.58,0.47,15.00
2009-12-31,6.35,27231.00,14084.00,13147.00,1460.00,5560.00,7020.00,6127.00,256.00,6381.00,1568.00,4813.00,4813.00,,4813.00,7392.00,6127.00,1327.16,1341.35,3.63,3.59,13974.00,11879.00,2494.00,3946.00,48935.00,14165.00,5379.00,22703.00,60087.00,109022.00,36002.00,21932.00,8819.00,50266.00,86267.00,41810.00,80900.00,-18830.00,22755.00,109022.00,0.31,20.52,1.83,3.47,1.41,4.50,0.56,11.24
2009-09-30,5.58,23566.00,12938.00,10628.00,1446.00,5013.00,6459.00,4169.00,205.00,4373.00,1159.00,3214.00,3214.00,,3214.00,5427.00,4169.00,1319.90,1338.20,2.44,2.40,11512.00,10678.00,2546.00,3934.00,43446.00,14189.00,5051.00,21708.00,60229.00,103675.00,32960.00,20583.00,9863.00,52221.00,85182.00,40482.00,76812.00,-20487.00,18493.00,103675.00,,,,,1.26,4.45,,
2009-06-30,4.29,23250.00,12669.00,10581.00,1434.00,5115.00,6549.00,4032.00,229.00,4262.00,1159.00,3103.00,3103.00,,3103.00,5274.00,4032.00,1326.10,1336.90,2.34,2.32,12526.00,10740.00,2691.00,3709.00,44435.00,13948.00,4813.00,21317.00,59219.00,103655.00,36430.00,20868.00,9141.00,51751.00,88182.00,39774.00,74328.00,-21043.00,15473.00,103655.00,,,,,1.03,4.16,,
2009-03-31,3.17,21711.00,12281.00,9430.00,1480.00,5264.00,6744.00,2686.00,436.00,3122.00,827.00,2295.00,2295.00,,2295.00,3915.00,2686.00,1344.30,1349.50,1.71,1.70,12295.00,10511.00,2759.00,4068.00,43995.00,13727.00,4928.00,20791.00,57950.00,101944.00,37425.00,21106.00,8214.00,50826.00,88252.00,39430.00,71968.00,-21649.00,13693.00,101944.00,,,,,0.97,3.25,,